<?xml version="1.0" encoding="UTF-8"?><record xmlns="http://www.loc.gov/MARC21/slim" xmlns:cinclude="http://apache.org/cocoon/include/1.0" xmlns:zs="http://www.loc.gov/zing/srw/">
  <leader>00482nz  a2200157n  4500</leader>
  <controlfield tag="001">no 99050850 </controlfield>
  <controlfield tag="003">DLC</controlfield>
  <controlfield tag="005">19990813124817.0</controlfield>
  <controlfield tag="008">990716n| acannaab           |a aaa     c</controlfield>
  <datafield tag="010" ind1=" " ind2=" ">
    <subfield code="a">no 99050850 </subfield>
  </datafield>
  <datafield tag="035" ind1=" " ind2=" ">
    <subfield code="a">(OCoLC)oca05029024 </subfield>
  </datafield>
  <datafield tag="040" ind1=" " ind2=" ">
    <subfield code="a">NbU</subfield>
    <subfield code="c">NbU</subfield>
  </datafield>
  <datafield tag="100" ind1="1" ind2="0">
    <subfield code="a">Trawinski, Kathleen R.</subfield>
  </datafield>
  <datafield tag="400" ind1="1" ind2="0">
    <subfield code="a">Trawinski, Kate</subfield>
  </datafield>
  <datafield tag="670" ind1=" " ind2=" ">
    <subfield code="a">Recipes to check out, 1999:</subfield>
    <subfield code="b">t.p. (Kate Trawinski)</subfield>
  </datafield>
  <datafield tag="670" ind1=" " ind2=" ">
    <subfield code="a">University of Nebraska-Lincoln centrex directory, 1998:</subfield>
    <subfield code="b">p. 314 (Trawinski, Kathleen R.)</subfield>
  </datafield>
</record>